

,-------------------.
|     PREAMBLE      |
`-------------------'

@preamble{ "\providecommand{\noopsort}[1]{}
           \providecommand{\singleletter}[1]{#1}
           \providecommand{\noopsort}[1]{}
           \providecommand{\singleletter}[1]{#1}
           \providecommand{\noopsort}[1]{}
           \providecommand{\singleletter}[1]{#1}
           \providecommand{\noopsort}[1]{}
           \providecommand{\singleletter}[1]{#1} "
}

,-------------------.
|  BIBTEX ENTRIES   |
`-------------------'

@inproceedings{carroll_et_al-proc-scipy-2018,
  author =        {Christopher D. Carroll and Alexander M. Kaufman and
                   Jacqueline L. Kazil and Nathan M. Palmer and
                   Matthew N. White},
  booktitle =     {{P}roceedings of the 17th {P}ython in {S}cience
                   {C}onference},
  editor =        {{F}atih {A}kici and {D}avid {L}ippa and
                   {D}illon {N}iederhut and {M} {P}acer},
  note =          {doi:
  \href{https://doi.org/10.5281/zenodo.1001067}{10.5281/zenodo.1001067}},
  pages =         {25 - 30},
  title =         {{T}he {E}con-{A}{R}{K} and {H}{A}{R}{K}: {O}pen
                   {S}ource {T}ools for {C}omputational {E}conomics},
  year =          {2018},
  doi =           {10.25080/Majora-4af1f417-004},
}

@article{bover1991relaxing,
  title={Relaxing {I}ntertemporal {S}eparability: A {R}ational {H}abits {M}odel of {L}abor {S}upply {E}stimated from {P}anel {D}ata},
    author={Bover, Olympia},
      journal={Journal of Labor Economics},
        volume={9},
	  number={1},
	    pages={85--100},
	      year={1991},
	   publisher={University of Chicago Press}
}


@ARTICLE{carroll:solvinghabits,
  author =	 {Carroll, Christopher D.},
  title =	 {Solving Consumption Models with Multiplicative
                  Habits},
  journal =	 {Economics Letters},
  year =	 2000,
  volume =	 68,
  pages =	 {67--77},
  number =	 1,
  note =
                  {\url{http://econ.jhu.edu/people/ccarroll/HabitsEconLett.pdf}},
  bdsk-url-1 =
                  {http://econ.jhu.edu/people/ccarroll/HabitsEconLett.pdf},
  url =
                  {http://econ.jhu.edu/people/ccarroll/HabitsEconLett.pdf}
}

@article{keane2016labour,
  title={Labour {S}upply: {T}he {R}oles of {H}uman {C}apital and the {E}xtensive {M}argin},
  author={Keane, Michael P and Wasi, Nada},
  journal={The Economic Journal},
  volume={126},
  number={592},
  pages={578--617},
  year={2016},
  publisher={Oxford University Press Oxford, UK}
}


@article{kubin2002labour,
  title={Labour {S}upply with {H}abit {F}ormation},
    author={Kubin, Ingrid and Prinz, Aloys},
      journal={Economics Letters},
        volume={75},
	  number={1},
	    pages={75--79},
	      year={2002},
	        publisher={Elsevier}
		}