

,-------------------.
|     PREAMBLE      |
`-------------------'

@preamble{ "\providecommand{\noopsort}[1]{}
           \providecommand{\singleletter}[1]{#1}
           \providecommand{\noopsort}[1]{}
           \providecommand{\singleletter}[1]{#1}
           \providecommand{\noopsort}[1]{}
           \providecommand{\singleletter}[1]{#1}
           \providecommand{\noopsort}[1]{}
           \providecommand{\singleletter}[1]{#1}
           \providecommand{\noopsort}[1]{}
           \providecommand{\singleletter}[1]{#1}
           \providecommand{\noopsort}[1]{}
           \providecommand{\singleletter}[1]{#1} "
}

,-------------------.
|  BIBTEX ENTRIES   |
`-------------------'

@article{bover1991relaxing,
  title={Relaxing {I}ntertemporal {S}eparability: A {R}ational {H}abits {M}odel of {L}abor {S}upply {E}stimated from {P}anel {D}ata},
    author={Bover, Olympia},
      journal={Journal of Labor Economics},
        volume={9},
	  number={1},
	    pages={85--100},
	      year={1991},
	   publisher={University of Chicago Press}
}

